<collection xmlns="http://www.loc.gov/MARC21/slim"><record><leader>01290nmm  2200289   450</leader><controlfield tag="001">603</controlfield><controlfield tag="003">http://montalegre.opacnet.com/OPAC/default.aspx?ContentAreaControl=ShowRegHoldings.ascx&amp;RegNo=16662</controlfield><datafield tag="010" ind1=" " ind2=" "><subfield code="a">972-0-64022-7</subfield></datafield><datafield tag="021" ind1=" " ind2=" "><subfield code="a">PT</subfield><subfield code="b">210033/04</subfield></datafield><datafield tag="100" ind1=" " ind2=" "><subfield code="a">20050915d2004    em y0pory0103    ba</subfield></datafield><datafield tag="101" ind1="0" ind2=" "><subfield code="a">por</subfield></datafield><datafield tag="102" ind1=" " ind2=" "><subfield code="a">PT</subfield></datafield><datafield tag="105" ind1=" " ind2=" "><subfield code="a">--------000zy</subfield></datafield><datafield tag="135" ind1=" " ind2=" "><subfield code="a">vocddd  uuuua</subfield></datafield><datafield tag="200" ind1="1" ind2=" "><subfield code="a">Testes e exercícios para o sucesso escolar</subfield><subfield code="b">CD-ROM</subfield><subfield code="e">matemática</subfield><subfield code="e">12"</subfield><subfield code="f">Porto Editora Multimédia</subfield></datafield><datafield tag="205" ind1=" " ind2=" "><subfield code="a">[1ª ed.]</subfield></datafield><datafield tag="210" ind1=" " ind2=" "><subfield code="a">Porto</subfield><subfield code="c">Porto Editora Multimédia</subfield><subfield code="d">D.L. 2004</subfield></datafield><datafield tag="215" ind1=" " ind2=" "><subfield code="a">1 disco óptico (CD-ROM) em caixa</subfield><subfield code="c">som, color</subfield><subfield code="d">14x10x2 cm</subfield></datafield><datafield tag="225" ind1="2" ind2=" "><subfield code="a">Guia de estudo multimédia</subfield></datafield><datafield tag="230" ind1=" " ind2=" "><subfield code="a">Multimédia interactivo</subfield></datafield><datafield tag="304" ind1=" " ind2=" "><subfield code="a">Título retirado da capa</subfield></datafield><datafield tag="336" ind1=" " ind2=" "><subfield code="a">Software desenvolvido para Windows 98,SE, 2000 (SP2), Me e XP</subfield></datafield><datafield tag="337" ind1=" " ind2=" "><subfield code="a">Requisitos do sistema: Processador Pentium II; 64 MG de memória RAM; 40 MB de espaço livre no disco rígido; Leitor de CD-ROM 8x; Placa de som compatível CL Sound Blaster (16 bits); Placa gráfica (milhares de cores a 800x600</subfield></datafield><datafield tag="675" ind1=" " ind2=" "><subfield code="a">51(075.3)(0.034)</subfield><subfield code="v">BN</subfield><subfield code="z">por</subfield><subfield code="v">BN</subfield><subfield code="z">por</subfield><subfield code="3">1233390</subfield></datafield><datafield tag="675" ind1=" " ind2=" "><subfield code="a">373.5(469)(0.034)</subfield><subfield code="v">BN</subfield><subfield code="z">por</subfield><subfield code="v">BN</subfield><subfield code="z">por</subfield><subfield code="3">1185153</subfield></datafield><datafield tag="712" ind1="0" ind2="2"><subfield code="a">Porto Editora Multimédia</subfield><subfield code="4">340</subfield><subfield code="3">218241</subfield></datafield><datafield tag="801" ind1=" " ind2="0"><subfield code="a">PT</subfield><subfield code="b">Biblioteca Municipal de Montalegre</subfield><subfield code="g">RPC</subfield></datafield><datafield tag="856" ind1=" " ind2=" "><subfield code="u">locateMedia.asp?cod=20060522151245&amp;ext=jpg</subfield><subfield code="z">CAPA</subfield></datafield><datafield tag="909" ind1="&#9;" ind2=" "><subfield code="a">0</subfield></datafield></record></collection>